@inproceedings{KEVM,
	author    = {Everett Hildenbrandt and
	Manasvi Saxena and
	Nishant Rodrigues and
	Xiaoran Zhu and
	Philip Daian and
	Dwight Guth and
	Brandon M. Moore and
	Daejun Park and
	Yi Zhang and
	Andrei Stefanescu and
	Grigore Rosu},
	title     = {{KEVM:} {A} Complete Formal Semantics of the Ethereum Virtual Machine},
	booktitle = {31st {IEEE} Computer Security Foundations Symposium, {CSF} 2018, Oxford,
	United Kingdom, July 9-12, 2018},
	pages     = {204--217},
	year      = {2018},
	crossref  = {DBLP:conf/csfw/2018},
	url       = {https://doi.org/10.1109/CSF.2018.00022},
	doi       = {10.1109/CSF.2018.00022},
	timestamp = {Thu, 23 Aug 2018 17:16:52 +0200},
	biburl    = {https://dblp.org/rec/bib/conf/csfw/HildenbrandtSRZ18},
	bibsource = {dblp computer science bibliography, https://dblp.org}
}

@inproceedings{js,
	author    = {Daejun Park and
	Andrei Stefanescu and
	Grigore Rosu},
	title     = {{KJS:} a complete formal semantics of JavaScript},
	booktitle = {Proceedings of the 36th {ACM} {SIGPLAN} Conference on Programming
	Language Design and Implementation, Portland, OR, USA, June 15-17,
	2015},
	pages     = {346--356},
	year      = {2015},
	crossref  = {DBLP:conf/pldi/2015},
	url       = {http://doi.acm.org/10.1145/2737924.2737991},
	doi       = {10.1145/2737924.2737991},
	timestamp = {Thu, 25 Jan 2018 19:22:18 +0100},
	biburl    = {https://dblp.org/rec/bib/conf/pldi/ParkSR15},
	bibsource = {dblp computer science bibliography, https://dblp.org}
}

@inproceedings{java,
	author    = {Denis Bogdanas and
	Grigore Rosu},
	title     = {K-Java: {A} Complete Semantics of Java},
	booktitle = {Proceedings of the 42nd Annual {ACM} {SIGPLAN-SIGACT} Symposium on
	Principles of Programming Languages, {POPL} 2015, Mumbai, India, January
	15-17, 2015},
	pages     = {445--456},
	year      = {2015},
	crossref  = {DBLP:conf/popl/2015},
	url       = {http://doi.acm.org/10.1145/2676726.2676982},
	doi       = {10.1145/2676726.2676982},
	timestamp = {Sat, 20 Dec 2014 16:58:56 +0100},
	biburl    = {https://dblp.org/rec/bib/conf/popl/BogdanasR15},
	bibsource = {dblp computer science bibliography, https://dblp.org}
}

@article{rust,
	author    = {Feng Wang and
	Fu Song and
	Min Zhang and
	Xiaoran Zhu and
	Jun Zhang},
	title     = {KRust: {A} Formal Executable Semantics of Rust},
	journal   = {CoRR},
	volume    = {abs/1804.10806},
	year      = {2018},
	url       = {http://arxiv.org/abs/1804.10806},
	archivePrefix = {arXiv},
	eprint    = {1804.10806},
	timestamp = {Mon, 13 Aug 2018 16:48:37 +0200},
	biburl    = {https://dblp.org/rec/bib/journals/corr/abs-1804-10806},
	bibsource = {dblp computer science bibliography, https://dblp.org}
}

@inproceedings{C2,
	author    = {Chris Hathhorn and
	Chucky Ellison and
	Grigore Rosu},
	title     = {Defining the undefinedness of {C}},
	booktitle = {Proceedings of the 36th {ACM} {SIGPLAN} Conference on Programming
	Language Design and Implementation, Portland, OR, USA, June 15-17,
	2015},
	pages     = {336--345},
	year      = {2015},
	crossref  = {DBLP:conf/pldi/2015},
	url       = {http://doi.acm.org/10.1145/2737924.2737979},
	doi       = {10.1145/2737924.2737979},
	timestamp = {Fri, 05 Jun 2015 07:31:54 +0200},
	biburl    = {https://dblp.org/rec/bib/conf/pldi/HathhornER15},
	bibsource = {dblp computer science bibliography, https://dblp.org}
}

@inproceedings{C1,
	author    = {Chucky Ellison and
	Grigore Rosu},
	title     = {An executable formal semantics of {C} with applications},
	booktitle = {Proceedings of the 39th {ACM} {SIGPLAN-SIGACT} Symposium on Principles
	of Programming Languages, {POPL} 2012, Philadelphia, Pennsylvania,
	USA, January 22-28, 2012},
	pages     = {533--544},
	year      = {2012},
	crossref  = {DBLP:conf/popl/2012},
	url       = {http://doi.acm.org/10.1145/2103656.2103719},
	doi       = {10.1145/2103656.2103719},
	timestamp = {Sun, 03 Dec 2017 00:17:33 +0100},
	biburl    = {https://dblp.org/rec/bib/conf/popl/EllisonR12},
	bibsource = {dblp computer science bibliography, https://dblp.org}
}

@ARTICLE{xiaoran,
	author={X. Zhu and M. Zhang and J. Guo and X. Li and H. Zhu and J. He},
	journal={IEEE Transactions on Reliability},
	title={Toward a Unified Executable Formal Automobile OS Kernel and Its Applications},
	year={2018},
	volume={},
	number={},
	pages={1-17},
	keywords={Standards;Kernel;Automobiles;Task analysis;Computer bugs;Testing;Automobile RTOS;formal specification;K framework;OSEK/VDX},
	doi={10.1109/TR.2018.2863744},
	ISSN={0018-9529},
	month={},}

@techreport{KIELE,
	author = "Kasampalis, Theodoros and Guth, Dwight and Moore, Brandon and Serbanuta, Traian and Serbanuta, Virgil and Filaretti, Daniele and Rosu, Grigore and Johnson, Ralph",
	month = "July",
	year = "2018",
	number = "http://hdl.handle.net/2142/100320",
	institution = "University of Illinois",
	title = "IELE: An Intermediate-Level Blockchain Language Designed and Implemented Using Formal Semantics"
}

@misc{IELE,
	author = {{Runtime Verification Inc.}},
	title = {{IELE}: A New Virtual Machine for the Blockchain},
	note = {Accessed May 18, 2018},
	howpublished = {https://runtimeverification.com/blog/iele-a-new-virtual-machine-for-the-blockchain}
}

@article{evm,
	title={Ethereum: A secure decentralised generalised transaction ledger},
	author={Wood, Gavin},
	year={2014},
	howpublished={(Updated for EIP-150 in 2017).  \href{http://yellowpaper.io/}{yellowpaper.io}}
}


@inproceedings{orc,
	author    = {Musab A. AlTurki and
	Omar Alzuhaibi},
	title     = {Towards Formal Verification of Orchestration Computations Using the
	{K} Framework},
	booktitle = {{FM} 2015: Formal Methods - 20th International Symposium, Oslo, Norway,
	June 24-26, 2015, Proceedings},
	pages     = {40--56},
	year      = {2015},
	crossref  = {DBLP:conf/fm/2015},
	url       = {https://doi.org/10.1007/978-3-319-19249-9\_4},
	doi       = {10.1007/978-3-319-19249-9\_4},
	timestamp = {Fri, 02 Jun 2017 20:50:05 +0200},
	biburl    = {https://dblp.org/rec/bib/conf/fm/AlTurkiA15},
	bibsource = {dblp computer science bibliography, https://dblp.org}
}

@inproceedings{Schmaltz,
	author    = {Sabine Schmaltz and
	Andrey Shadrin},
	title     = {Integrated Semantics of Intermediate-Language {C} and Macro-Assembler
	for Pervasive Formal Verification of Operating Systems and Hypervisors
	from VerisoftXT},
	booktitle = {Verified Software: Theories, Tools, Experiments - 4th International
	Conference, {VSTTE} 2012, Philadelphia, PA, USA, January 28-29, 2012.
	Proceedings},
	pages     = {18--33},
	year      = {2012},
	crossref  = {DBLP:conf/vstte/2012},
	url       = {https://doi.org/10.1007/978-3-642-27705-4\_3},
	doi       = {10.1007/978-3-642-27705-4\_3},
	timestamp = {Tue, 23 May 2017 01:06:28 +0200},
	biburl    = {https://dblp.org/rec/bib/conf/vstte/SchmaltzS12},
	bibsource = {dblp computer science bibliography, https://dblp.org}
}

@phdthesis{Shadrin,
	author    = {Andrey Shadrin},
	title     = {Mixed low- and high level programming language semantics and automated
	verification of a small hypervisor},
	school    = {Saarland University},
	year      = {2012},
	url       = {http://scidok.sulb.uni-saarland.de/volltexte/2012/4964/},
	urn       = {urn:nbn:de:bsz:291-scidok-49649},
	timestamp = {Fri, 15 Apr 2016 13:33:42 +0200},
	biburl    = {https://dblp.org/rec/bib/phd/dnb/Shadrin12},
	bibsource = {dblp computer science bibliography, https://dblp.org}
}

@phdthesis{Pentchev,
	author    = {Hristo Pentchev},
	title     = {Sound semantics of a high-level language with interprocessor interrupts},
	school    = {Saarland University, Saarbr{\"{u}}cken, Germany},
	year      = {2016},
	url       = {http://scidok.sulb.uni-saarland.de/volltexte/2016/6556/},
	urn       = {urn:nbn:de:bsz:291-scidok-65567},
	timestamp = {Wed, 09 Nov 2016 14:06:32 +0100},
	biburl    = {https://dblp.org/rec/bib/phd/dnb/Pentchev16},
	bibsource = {dblp computer science bibliography, https://dblp.org}
}

@article{zhao,
	author    = {Yongwang Zhao and
	Zhibin Yang and
	Dianfu Ma},
	title     = {A survey on formal specification and verification of separation kernels},
	journal   = {Frontiers Comput. Sci.},
	volume    = {11},
	number    = {4},
	pages     = {585--607},
	year      = {2017},
	url       = {https://doi.org/10.1007/s11704-016-4226-2},
	doi       = {10.1007/s11704-016-4226-2},
	timestamp = {Mon, 19 Feb 2018 18:18:38 +0100},
	biburl    = {https://dblp.org/rec/bib/journals/fcsc/ZhaoYM17},
	bibsource = {dblp computer science bibliography, https://dblp.org}
}

@book{Isabelle,
	author    = {Tobias Nipkow and
	Gerwin Klein},
	title     = {Concrete Semantics - With Isabelle/HOL},
	publisher = {Springer},
	year      = {2014},
	url       = {https://doi.org/10.1007/978-3-319-10542-0},
	doi       = {10.1007/978-3-319-10542-0},
	isbn      = {978-3-319-10541-3},
	timestamp = {Tue, 16 May 2017 14:01:44 +0200},
	biburl    = {https://dblp.org/rec/bib/books/sp/NipkowK14},
	bibsource = {dblp computer science bibliography, https://dblp.org}
}

@article{Sel4,
	author    = {Gerwin Klein and
	June Andronick and
	Kevin Elphinstone and
	Gernot Heiser and
	David Cock and
	Philip Derrin and
	Dhammika Elkaduwe and
	Kai Engelhardt and
	Rafal Kolanski and
	Michael Norrish and
	Thomas Sewell and
	Harvey Tuch and
	Simon Winwood},
	title     = {seL4: formal verification of an operating-system kernel},
	journal   = {Commun. {ACM}},
	volume    = {53},
	number    = {6},
	pages     = {107--115},
	year      = {2010},
	url       = {http://doi.acm.org/10.1145/1743546.1743574},
	doi       = {10.1145/1743546.1743574},
	timestamp = {Fri, 11 Jun 2010 14:44:16 +0200},
	biburl    = {https://dblp.org/rec/bib/journals/cacm/KleinAEHCDEEKNSTW10},
	bibsource = {dblp computer science bibliography, https://dblp.org}
}

@inproceedings{ucos,
	author    = {Fengwei Xu and
	Ming Fu and
	Xinyu Feng and
	Xiaoran Zhang and
	Hui Zhang and
	Zhaohui Li},
	title     = {A Practical Verification Framework for Preemptive {OS} Kernels},
	booktitle = {Computer Aided Verification - 28th International Conference, {CAV}
	2016, Toronto, ON, Canada, July 17-23, 2016, Proceedings, Part {II}},
	pages     = {59--79},
	year      = {2016},
	crossref  = {DBLP:conf/cav/2016-2},
	url       = {https://doi.org/10.1007/978-3-319-41540-6\_4},
	doi       = {10.1007/978-3-319-41540-6\_4},
	timestamp = {Thu, 25 May 2017 00:39:08 +0200},
	biburl    = {https://dblp.org/rec/bib/conf/cav/XuFFZZL16},
	bibsource = {dblp computer science bibliography, https://dblp.org}
}

@inproceedings{Gu,
	author    = {Ronghui Gu and
	Zhong Shao and
	Hao Chen and
	Xiongnan (Newman) Wu and
	Jieung Kim and
	Vilhelm Sj{\"{o}}berg and
	David Costanzo},
	title     = {CertiKOS: An Extensible Architecture for Building Certified Concurrent
	{OS} Kernels},
	booktitle = {12th {USENIX} Symposium on Operating Systems Design and Implementation,
	{OSDI} 2016, Savannah, GA, USA, November 2-4, 2016.},
	pages     = {653--669},
	year      = {2016},
	crossref  = {DBLP:conf/osdi/2016},
	url       = {https://www.usenix.org/conference/osdi16/technical-sessions/presentation/gu},
	timestamp = {Sat, 09 Jun 2018 18:15:01 +0200},
	biburl    = {https://dblp.org/rec/bib/conf/osdi/GuSCWKSC16},
	bibsource = {dblp computer science bibliography, https://dblp.org}
}

@inproceedings{Z3,
	author    = {Nikolaj Bj{\o}rner},
	title     = {{Z3} and {SMT} in Industrial R{\&}D},
	booktitle = {Formal Methods - 22nd International Symposium, {FM} 2018, Held as
	Part of the Federated Logic Conference, FloC 2018, Oxford, UK, July
	15-17, 2018, Proceedings},
	pages     = {675--678},
	year      = {2018},
	crossref  = {DBLP:conf/fm/2018},
	url       = {https://doi.org/10.1007/978-3-319-95582-7\_44},
	doi       = {10.1007/978-3-319-95582-7\_44},
	timestamp = {Thu, 12 Jul 2018 13:23:43 +0200},
	biburl    = {https://dblp.org/rec/bib/conf/fm/Bjorner18},
	bibsource = {dblp computer science bibliography, https://dblp.org}
}

@inproceedings{hyperkernel,
	author    = {Luke Nelson and
	Helgi Sigurbjarnarson and
	Kaiyuan Zhang and
	Dylan Johnson and
	James Bornholt and
	Emina Torlak and
	Xi Wang},
	title     = {Hyperkernel: Push-Button Verification of an {OS} Kernel},
	booktitle = {Proceedings of the 26th Symposium on Operating Systems Principles,
	Shanghai, China, October 28-31, 2017},
	pages     = {252--269},
	year      = {2017},
	crossref  = {DBLP:conf/sosp/2017},
	url       = {http://doi.acm.org/10.1145/3132747.3132748},
	doi       = {10.1145/3132747.3132748},
	timestamp = {Thu, 19 Oct 2017 21:48:10 +0200},
	biburl    = {https://dblp.org/rec/bib/conf/sosp/NelsonSZJBTW17},
	bibsource = {dblp computer science bibliography, https://dblp.org}
}

@inproceedings{Ironclad,
	author    = {Chris Hawblitzel and
	Jon Howell and
	Jacob R. Lorch and
	Arjun Narayan and
	Bryan Parno and
	Danfeng Zhang and
	Brian Zill},
	title     = {Ironclad Apps: End-to-End Security via Automated Full-System Verification},
	booktitle = {11th {USENIX} Symposium on Operating Systems Design and Implementation,
	{OSDI} '14, Broomfield, CO, USA, October 6-8, 2014.},
	pages     = {165--181},
	year      = {2014},
	crossref  = {DBLP:conf/osdi/2014},
	url       = {https://www.usenix.org/conference/osdi14/technical-sessions/presentation/hawblitzel},
	timestamp = {Tue, 18 Nov 2014 17:21:14 +0100},
	biburl    = {https://dblp.org/rec/bib/conf/osdi/HawblitzelHLNPZZ14},
	bibsource = {dblp computer science bibliography, https://dblp.org}
}

@inproceedings{dafny,
	author    = {Paqui Lucio},
	title     = {A Tutorial on Using Dafny to Construct Verified Software},
	booktitle = {Proceedings {XVI} Jornadas sobre Programaci{\'{o}}n y Lenguajes,
	{PROLE} 2016, Salamanca, Spain, 14-16th September 2016.},
	pages     = {1--19},
	year      = {2016},
	crossref  = {DBLP:journals/corr/Villanueva17},
	url       = {https://doi.org/10.4204/EPTCS.237.1},
	doi       = {10.4204/EPTCS.237.1},
	timestamp = {Wed, 12 Sep 2018 01:05:15 +0200},
	biburl    = {https://dblp.org/rec/bib/journals/corr/Lucio17},
	bibsource = {dblp computer science bibliography, https://dblp.org}
}

@inproceedings{llvm,
	author    = {Chris Lattner and
	Vikram S. Adve},
	title     = {{LLVM:} {A} Compilation Framework for Lifelong Program Analysis {\&}
	Transformation},
	booktitle = {2nd {IEEE} / {ACM} International Symposium on Code Generation and
	Optimization {(CGO} 2004), 20-24 March 2004, San Jose, CA, {USA}},
	pages     = {75--88},
	year      = {2004},
	crossref  = {DBLP:conf/cgo/2004},
	url       = {https://doi.org/10.1109/CGO.2004.1281665},
	doi       = {10.1109/CGO.2004.1281665},
	timestamp = {Thu, 25 May 2017 00:43:34 +0200},
	biburl    = {https://dblp.org/rec/bib/conf/cgo/LattnerA04},
	bibsource = {dblp computer science bibliography, https://dblp.org}
}

@inproceedings{coq,
	author    = {Jingyuan Cao and
	Ming Fu and
	Xinyu Feng},
	title     = {Practical Tactics for Verifying {C} Programs in Coq},
	booktitle = {Proceedings of the 2015 Conference on Certified Programs and Proofs,
	{CPP} 2015, Mumbai, India, January 15-17, 2015},
	pages     = {97--108},
	year      = {2015},
	crossref  = {DBLP:conf/cpp/2015},
	url       = {http://doi.acm.org/10.1145/2676724.2693162},
	doi       = {10.1145/2676724.2693162},
	timestamp = {Thu, 22 Jan 2015 10:08:37 +0100},
	biburl    = {https://dblp.org/rec/bib/conf/cpp/CaoFF15},
	bibsource = {dblp computer science bibliography, https://dblp.org}
}

@inproceedings{vcc,
	author    = {Ernie Cohen and
	Markus Dahlweid and
	Mark A. Hillebrand and
	Dirk Leinenbach and
	Michal Moskal and
	Thomas Santen and
	Wolfram Schulte and
	Stephan Tobies},
	title     = {{VCC:} {A} Practical System for Verifying Concurrent {C}},
	booktitle = {Theorem Proving in Higher Order Logics, 22nd International Conference,
	TPHOLs 2009, Munich, Germany, August 17-20, 2009. Proceedings},
	pages     = {23--42},
	year      = {2009},
	crossref  = {DBLP:conf/tphol/2009},
	url       = {https://doi.org/10.1007/978-3-642-03359-9\_2},
	doi       = {10.1007/978-3-642-03359-9\_2},
	timestamp = {Tue, 23 May 2017 01:12:08 +0200},
	biburl    = {https://dblp.org/rec/bib/conf/tphol/CohenDHLMSST09},
	bibsource = {dblp computer science bibliography, https://dblp.org}
}

@inproceedings{K,
	editor = "Peled, Doron and Pretschner, Alexander",
	author = "Rosu, Grigore",
	series = "NATO Science for Peace and Security",
	publisher = "{IOS} Press",
	booktitle = "Dependable Software Systems Engineering",
	year = "2017",
	title = "K - A Semantic Framework for Programming Languages and Formal Analysis Tools"
}

@book{modelchecking,
	author    = {Christel Baier and
	Joost{-}Pieter Katoen},
	title     = {Principles of model checking},
	publisher = {{MIT} Press},
	year      = {2008},
	isbn      = {978-0-262-02649-9},
	timestamp = {Tue, 15 Feb 2011 11:22:37 +0100},
	biburl    = {https://dblp.org/rec/bib/books/daglib/0020348},
	bibsource = {dblp computer science bibliography, https://dblp.org}
}

@article{deductive,
	author    = {Alexander J. Summers and
	Peter M{\"{u}}ller},
	title     = {Automating Deductive Verification for Weak-Memory Programs},
	journal   = {CoRR},
	volume    = {abs/1703.06368},
	year      = {2017},
	url       = {http://arxiv.org/abs/1703.06368},
	archivePrefix = {arXiv},
	eprint    = {1703.06368},
	timestamp = {Mon, 13 Aug 2018 16:48:28 +0200},
	biburl    = {https://dblp.org/rec/bib/journals/corr/Summers017},
	bibsource = {dblp computer science bibliography, https://dblp.org}
}

@article{equivalence,
	author    = {Shuvendu K. Lahiri and
	Andrzej S. Murawski and
	Ofer Strichman and
	Mattias Ulbrich},
	title     = {Program Equivalence (Dagstuhl Seminar 18151)},
	journal   = {Dagstuhl Reports},
	volume    = {8},
	number    = {4},
	pages     = {1--19},
	year      = {2018},
	url       = {https://doi.org/10.4230/DagRep.8.4.1},
	doi       = {10.4230/DagRep.8.4.1},
	timestamp = {Tue, 02 Oct 2018 16:22:31 +0200},
	biburl    = {https://dblp.org/rec/bib/journals/dagstuhl-reports/LahiriMSU18},
	bibsource = {dblp computer science bibliography, https://dblp.org}
}

@phdthesis{ellison,
	author={Chucky Ellison},
	title={A Formal Semantics of {C} with Applications},
	school={University of Illinois},
	year={2012},
	month={July},
}

@misc{osek,
	title={{OSEK/VDX operating system specification}},
	author={{OSEK Group} and others},
	journal={http://www.osek-vdx.org},
	year={2009}
}

@inproceedings{php,
	author    = {Daniele Filaretti and
	Sergio Maffeis},
	title     = {An Executable Formal Semantics of {PHP}},
	booktitle = {{ECOOP} 2014 - Object-Oriented Programming - 28th European Conference,
	Uppsala, Sweden, July 28 - August 1, 2014. Proceedings},
	pages     = {567--592},
	year      = {2014},
	crossref  = {DBLP:conf/ecoop/2014},
	url       = {https://doi.org/10.1007/978-3-662-44202-9\_23},
	doi       = {10.1007/978-3-662-44202-9\_23},
	timestamp = {Tue, 18 Jul 2017 16:43:00 +0200},
	biburl    = {https://dblp.org/rec/bib/conf/ecoop/FilarettiM14},
	bibsource = {dblp computer science bibliography, https://dblp.org}
}

@article{rewriting,
  author    = {Santiago Escobar},
  title     = {Rewriting Logic and its Applications (extended selected papers from
               {WRLA} 2014)},
  journal   = {J. Log. Algebr. Meth. Program.},
  volume    = {86},
  number    = {1},
  pages     = {157--158},
  year      = {2017},
  url       = {https://doi.org/10.1016/j.jlamp.2016.10.002},
  doi       = {10.1016/j.jlamp.2016.10.002},
  timestamp = {Sun, 28 May 2017 13:17:34 +0200},
  biburl    = {https://dblp.org/rec/bib/journals/jlp/Escobar17},
  bibsource = {dblp computer science bibliography, https://dblp.org}
}

@article{CafeOBJ,
  author    = {Razvan Diaconescu and
               Kokichi Futatsugi},
  title     = {An overview of CafeOBJ},
  journal   = {Electr. Notes Theor. Comput. Sci.},
  volume    = {15},
  pages     = {285--298},
  year      = {1998},
  url       = {https://doi.org/10.1016/S1571-0661(05)80017-9},
  doi       = {10.1016/S1571-0661(05)80017-9},
  timestamp = {Sun, 28 May 2017 13:22:56 +0200},
  biburl    = {https://dblp.org/rec/bib/journals/entcs/DiaconescuF98},
  bibsource = {dblp computer science bibliography, https://dblp.org}
}

@article{ELAN,
  author    = {Peter Borovansk{\'{y}} and
               Claude Kirchner and
               H{\'{e}}l{\`{e}}ne Kirchner and
               Pierre{-}Etienne Moreau},
  title     = {{ELAN} from a rewriting logic point of view},
  journal   = {Theor. Comput. Sci.},
  volume    = {285},
  number    = {2},
  pages     = {155--185},
  year      = {2002},
  url       = {https://doi.org/10.1016/S0304-3975(01)00358-9},
  doi       = {10.1016/S0304-3975(01)00358-9},
  timestamp = {Sun, 28 May 2017 13:20:07 +0200},
  biburl    = {https://dblp.org/rec/bib/journals/tcs/BorovanskyKKM02},
  bibsource = {dblp computer science bibliography, https://dblp.org}
}

@incollection{maude,
  author    = {Jos{\'{e}} Meseguer},
  title     = {Maude},
  booktitle = {Encyclopedia of Parallel Computing},
  pages     = {1095--1102},
  year      = {2011},
  crossref  = {DBLP:reference/parallel/2011},
  url       = {https://doi.org/10.1007/978-0-387-09766-4\_248},
  doi       = {10.1007/978-0-387-09766-4\_248},
  timestamp = {Wed, 12 Jul 2017 09:11:53 +0200},
  biburl    = {https://dblp.org/rec/bib/reference/parallel/Meseguer11},
  bibsource = {dblp computer science bibliography, https://dblp.org}
}

@techreport{kprimer,
    author = "{\c S}erb{\u a}nu{\c t}a, Traian Florin and Arusoaie, Andrei and Lazar, David and Ellison, Chucky and Lucanu, Dorel and Ro{\c s}u, Grigore",
    title = "The {K} Primer (version 3.2)"
}


@inproceedings{ding,
	author    = {Jizheng Ding and
	Xiaoran Zhu and
	Jian Guo },
	title     = {End-to-End Automated Verification for OS Kernels},
	booktitle = {25th Asia-Pacific Software Engineering Conference, {APSEC},  4-7 December 2018, Nara, Japan,
	2018},
	year      = {2018},
	
}

@article{huang,
  author    = {Yanhong Huang and
               Jifeng He and
               Huibiao Zhu and
               Yongxin Zhao and
               Jianqi Shi and
               Shengchao Qin},
  title     = {Semantic theories of programs with nested interrupts},
  journal   = {Frontiers Comput. Sci.},
  volume    = {9},
  number    = {3},
  pages     = {331--345},
  year      = {2015},
  url       = {https://doi.org/10.1007/s11704-015-3251-x},
  doi       = {10.1007/s11704-015-3251-x},
  timestamp = {Mon, 19 Feb 2018 18:18:37 +0100},
  biburl    = {https://dblp.org/rec/bib/journals/fcsc/HuangHZZSQ15},
  bibsource = {dblp computer science bibliography, https://dblp.org}
}

@inproceedings{shi,
  author    = {Jianqi Shi and
               Longfei Zhu and
               Yanhong Huang and
               Jian Guo and
               Huibiao Zhu and
               Huixing Fang and
               Xin Ye},
  title     = {Binary Code Level Verification for Interrupt Safety Properties of
               Real-Time Operating System},
  booktitle = {Sixth International Symposium on Theoretical Aspects of Software Engineering,
               {TASE} 2012, 4-6 July 2012, Beijing, China},
  pages     = {223--226},
  year      = {2012},
  crossref  = {DBLP:conf/tase/2012},
  url       = {https://doi.org/10.1109/TASE.2012.46},
  doi       = {10.1109/TASE.2012.46},
  timestamp = {Wed, 24 May 2017 08:30:34 +0200},
  biburl    = {https://dblp.org/rec/bib/conf/tase/ShiZHGZFY12},
  bibsource = {dblp computer science bibliography, https://dblp.org}
}
